@Book{Kopka:latex:4e,
author =
{Kopka, Helmut and Daly, Patrick W.},
title =
{Guide to {\LaTeX}},
publisher = {Addison-Wesley},
year =
2003,
edition =
4,
isbn =
{978-032117385-0},
language = {english}}